<record><leader>00000cas a2200000 a 4500</leader><controlfield tag="001">9264392</controlfield><controlfield tag="008">830228d18401841mauir ne      0    0eng c</controlfield><datafield ind1=" " ind2=" " tag="010"><subfield code="a">sn 83020093 </subfield></datafield><datafield ind1=" " ind2=" " tag="040"><subfield code="a">NPX</subfield><subfield code="b">eng</subfield><subfield code="c">NPX</subfield><subfield code="d">DLC</subfield><subfield code="d">MGN</subfield><subfield code="d">CNW</subfield><subfield code="d">OCL</subfield><subfield code="d">DLC</subfield><subfield code="d">OCLCQ</subfield><subfield code="d">OCLCF</subfield><subfield code="d">OCLCO</subfield></datafield><datafield ind1="1" ind2=" " tag="029"><subfield code="a">AU@</subfield><subfield code="b">000020122314</subfield></datafield><datafield ind1=" " ind2=" " tag="042"><subfield code="a">pcc</subfield></datafield><datafield ind1=" " ind2=" " tag="043"><subfield code="a">n-us-ma</subfield></datafield><datafield ind1="0" ind2="0" tag="050"><subfield code="a">Newspaper</subfield></datafield><datafield ind1="0" ind2="0" tag="245"><subfield code="a">Lowell morning courier.</subfield></datafield><datafield ind1="1" ind2="3" tag="246"><subfield code="a">Lowell courier</subfield></datafield><datafield ind1=" " ind2=" " tag="260"><subfield code="a">[Lowell, Mass.] :</subfield><subfield code="b">L. Huntress</subfield></datafield><datafield ind1=" " ind2=" " tag="300"><subfield code="a">v.</subfield></datafield><datafield ind1=" " ind2=" " tag="310"><subfield code="a">Triweekly,</subfield><subfield code="b">Nov. 20, 1840-1841</subfield></datafield><datafield ind1=" " ind2=" " tag="321"><subfield code="a">Triweekly,</subfield><subfield code="b">Jan.-Aug. 15, 1840</subfield></datafield><datafield ind1=" " ind2=" " tag="321"><subfield code="a">Daily (except Sun.),</subfield><subfield code="b">Aug. 17-Nov. 17, 1840</subfield></datafield><datafield ind1="0" ind2=" " tag="362"><subfield code="a">Vol. 6, no. 767 (Jan. 2, 1840)-v. 7, no. 1012 (May 4, 1841).</subfield></datafield><datafield ind1=" " ind2=" " tag="500"><subfield code="a">"Morning" appears in title ornament, 1840-</subfield></datafield><datafield ind1=" " ind2=" " tag="580"><subfield code="a">Weekly ed.: Lowell journal (Lowell, Mass. : 1836).</subfield></datafield><datafield ind1=" " ind2="0" tag="651"><subfield code="a">Lowell (Mass.)</subfield><subfield code="v">Newspapers.</subfield></datafield><datafield ind1=" " ind2="7" tag="655"><subfield code="a">Newspapers.</subfield><subfield code="2">fast</subfield><subfield code="0">(OCoLC)fst01423814</subfield></datafield><datafield ind1=" " ind2="7" tag="651"><subfield code="a">Massachusetts</subfield><subfield code="z">Lowell.</subfield><subfield code="2">fast</subfield><subfield code="0">(OCoLC)fst01204704</subfield></datafield><datafield ind1=" " ind2=" " tag="752"><subfield code="a">United States</subfield><subfield code="b">Massachusetts</subfield><subfield code="c">Middlesex</subfield><subfield code="d">Lowell.</subfield></datafield><datafield ind1="1" ind2=" " tag="775"><subfield code="t">Lowell journal (Lowell, Mass. : 1836)</subfield><subfield code="w">(DLC)sn 83020212</subfield></datafield><datafield ind1="0" ind2="0" tag="780"><subfield code="t">Lowell courier (Lowell, Mass. : 1835)</subfield><subfield code="w">(DLC)sn 83020175</subfield></datafield><datafield ind1="0" ind2="0" tag="785"><subfield code="t">Lowell courier (Lowell, Mass. : 1841)</subfield><subfield code="w">(DLC)sn 83020094</subfield></datafield></record>